@inproceedings{synnaeve2011bayesian1,
  title={A bayesian model for opening prediction in rts games with application to starcraft},
  author={Synnaeve, Gabriel and Bessiere, Pierre},
  booktitle={2011 IEEE Conference on Computational Intelligence and Games (CIG'11)},
  pages={281--288},
  year={2011},
  organization={IEEE}
}

@article{synnaeve2011bayesian2,
  title={A Bayesian model for plan recognition in RTS games applied to StarCraft},
  author={Synnaeve, Gabriel and Bessiere, Pierre},
  journal={arXiv preprint arXiv:1111.3735},
  year={2011}
}

@phdthesis{synnaeve2012bayesian,
  title={Bayesian programming and learning for multi-player video games: application to RTS AI},
  author={Synnaeve, Gabriel},
  year={2012},
  school={PhD thesis, Institut National Polytechnique de Grenobleâ€”INPG}
}

@inproceedings{weber2009data,
  title={A data mining approach to strategy prediction},
  author={Weber, Ben G and Mateas, Michael},
  booktitle={2009 IEEE Symposium on Computational Intelligence and Games},
  pages={140--147},
  year={2009},
  organization={IEEE}
}

@inproceedings{park2012prediction,
  title={Prediction of early stage opponents strategy for StarCraft AI using scouting and machine learning},
  author={Park, Hyunsoo and Cho, Ho-Chul and Lee, KwangYeol and Kim, Kyung-Joong},
  booktitle={Proceedings of the Workshop at SIGGRAPH Asia},
  pages={7--12},
  year={2012},
  organization={ACM}
}

@misc{ruggeri2007encyclopedia,
  title={Encyclopedia of statistics in quality and reliability},
  author={Ruggeri, Fabrizio and Kenett, Ron S and Faltin, Frederick W},
  year={2007},
  publisher={Wiley Chichester, England}
}

@online{s2protocol,
  author = {{Blizzard Entertainment, Inc.}},
  title = {s2protocol},
  year = 2013,
  url = {https://github.com/Blizzard/s2protocol},
  urldate = {2016-09-24}
}

@book{matrix-analysis,
   title =     {Matrix Analysis},
   author =    {Roger A. Horn, Charles R. Johnson},
   publisher = {CUP},
   isbn =      {0521305861, 0521386322},
   year =      {1990},
   series =    {},
   edition =   {1st},
   volume =    {},
   url =       {http://gen.lib.rus.ec/book/index.php?md5=03e9a9ebb67da1d5fa059774b3a12c4b}
}